@article{Hilger1990,
	author  = {Hilger, Stefan},
	title   = {Analysis on {M}easure {C}hains --- {A} {U}nified {A}pproach to {C}ontinuous and {D}iscrete {C}alculus},
	journal = {Results in Mathematics},
	year    = 1990,
	volume  = {18},
	number  = {1},
	pages   = {18--56},
	month   = {Aug},
	issn    = {1420-9012},
	keywords= {paper}
}

@online{timescale2019,
	title = {Timescalecalculus: Python library},
	author = {Tom Cuchta and Matthias Baur},
	year = 2019,
	url = {http://timescalewiki.org/index.php/Timescalecalculus_python_library_documentation},
	urldate = {2019-05-30},
	keywords={online}
}

@online{nadal2014,
	title = {Matemáticas II: Grado en economía. Lección 5: Ecuaciones en diferencias},
	author = {Purificación Nadal Morales},
	year = 2014,
	url = {http://personal.us.es/pnadal/Informacion/leccion5ecdiferencias.pdf},
	urldate = {2019-06-10},
	keywords={online}
}

@book{Mariconda2016,
	title     = {Discrete calculus},
	publisher = {Springer International Publishing},
	year      = 2016,
	author    = {Mariconda, Carlo and Tonolo, Alberto},
	volume    = {103},
	series    = {UNITEXT - La Matematica per il 3+2},
	isbn      = {978-3-319-03037-1},
	doi       = {10.1007/978-3-319-03038-8},
	subtitle  = {Methods for counting},
	keywords  = {book}
}

@book{Jenkyns2018,
	title     = {{Fundamentals} of {Discrete} {Math} for {Computer} {Science}: {A} {Problem}-{Solving} {Primer}},
	publisher = {Springer International Publishing AG, part of Springer Nature},
	year      = 2018,
	author    = {Jenkyns, Tom and Stephenson, Ben},
	series    = {Undergraduate Topics in Computer Science},
	edition   = {Second},
	isbn      = {978-3-319-70150-9},
	keywords  = {book}
}